@report{CER,
	institution = {The Commission for Energy Regulation (CER)},
	title = {Electricity customer behaviour trial},
	date = {2012}
}

@article{khotanzad1998annstlf,
  title={ANNSTLF-artificial neural network short-term load forecaster-generation three},
  author={Khotanzad, Alireza and Afkhami-Rohani, Reza and Maratukulam, Dominic},
  journal={IEEE Transactions on Power Systems},
  volume={13},
  number={4},
  pages={1413--1422},
  year={1998},
  publisher={IEEE}
}
@inproceedings{bandyopadhyay2015individual,
  title={Individual and aggregate electrical load forecasting: One for all and all for one},
  author={Bandyopadhyay, Sambaran and Ganu, Tanuja and Khadilkar, Harshad and Arya, Vijay},
  booktitle={Proceedings of the 2015 ACM Sixth International Conference on Future Energy Systems},
  pages={121--130},
  year={2015},
  organization={ACM}
}
@inproceedings{ReviewSmartMeterLoadForecastingTechniques,
author = {Eskandarnia, Elham and Abdul Kareem, Sameem and Al-Ammal, Hesham},
year = {2018},
month = {04},
pages = {},
title = {A Review of Smart Meter Load Forecasting Techniques: Scale and Horizon}
}
@article{khuntia2016time,
  title={Time-horizons in the planning and operation of transmission networks: an overview},
  author={Khuntia, Swasti R and Tuinema, Bart W and Rueda, Jos{\'e} L and van der Meijden, Mart AMM},
  journal={IET Generation, Transmission \& Distribution},
  volume={10},
  number={4},
  pages={841--848},
  year={2016},
  publisher={IET}
}
@article{khuntia2016forecasting,
  title={Forecasting the load of electrical power systems in mid-and long-term horizons: a review},
  author={Khuntia, Swasti R and Rueda, Jos{\'e} L and van der Meijden, Mart AMM},
  journal={IET Generation, Transmission \& Distribution},
  volume={10},
  number={16},
  pages={3971--3977},
  year={2016},
  publisher={IET}
}